
@book{mcclarren_computational_2017,
	title = {Computational nuclear engineering and radiological science using python},
	url = {https://books.google.com/books?hl=en&lr=&id=YY-ZDgAAQBAJ&oi=fnd&pg=PP1&dq=Computational+Nuclear+Engineering+and+Radiological+Science+Using+Python&ots=qxOgEUxy4X&sig=9Gpf3se5nJPBzeuSiJjPGPYHYq4},
	urldate = {2025-03-28},
	publisher = {Academic Press},
	author = {McClarren, Ryan},
	year = {2017},
}

@book{duderstadt_nuclear_1976,
	title = {Nuclear reactor analysis},
	url = {https://deepblue.lib.umich.edu/bitstream/handle/2027.42/89079/1976_Nuclear_Reactor_Analysis.pdf},
	urldate = {2025-03-28},
	publisher = {Wiley},
	author = {Duderstadt, James J. and Hamilton, Louis J.},
	year = {1976},
	file = {Available Version (via Google Scholar):/Users/madickenmunk/Zotero/storage/9KEYTDDH/Duderstadt and Hamilton - 1976 - Nuclear reactor analysis.pdf:application/pdf},
}

@book{scopatz_effective_2015,
	title = {Effective computation in physics: {Field} guide to research with python},
	shorttitle = {Effective computation in physics},
	url = {https://books.google.com/books?hl=en&lr=&id=6IkNCgAAQBAJ&oi=fnd&pg=PT20&dq=huff+scopatz&ots=i0hUhZzqq0&sig=khbw-WvN6ebqOEL63VOupvlhgIM},
	urldate = {2025-03-28},
	publisher = {" O'Reilly Media, Inc."},
	author = {Scopatz, Anthony and Huff, Kathryn D.},
	year = {2015},
	file = {Available Version (via Google Scholar):/Users/madickenmunk/Zotero/storage/5TTF2BNR/Scopatz and Huff - 2015 - Effective computation in physics Field guide to research with python.pdf:application/pdf},
}
